% Group References

@misc{wikiDTMF,
  title        = {DTMF sequence},
  publisher    = {Wikipedia},
  howpublished = {\url{"https://en.wikipedia.org/wiki/Dual-tone_multi-frequency_signaling"}}
}

@book{armDocumentation,
  author    = {ARM},
  title     = {Cortex-M4},
  publisher = {ARM},
  year      = 2010,
  edition   = {\url{"https://developer.arm.com/documentation/dui0553/a/"}}
}

@misc{gtzl-embedded,
	title = {The Goertzel Algorithm},
	publisher = {embedded.com},
	howpublished = {\url{https://www.embedded.com/the-goertzel-algorithm/}}
}

@misc{githubEEPROM,
  title        = {EEPROM},
  publisher    = {GitHub, NXP's CMSIS Library},
  howpublished = {\url{"https://github.com/openxc/nxp-cdl/blob/919383d7c24f8fd4563c7f94a6f9421bd3de53fc/LPC177x_8xLib/src/lpc177x_8x_eeprom.c}}
}

@misc{cooleyTukeyFFT,
  title        = {Cooley-Tukey FFT algorithm},
  publisher    = {literateprograms.org},
  howpublished = {\url{"https://literateprograms.org/cooley-tukey_fft_algorithm__c_.html"}}
}
